% Encoding: UTF-8

@Article{Schwartz2014,
  author     = {Ofer Schwartz and Sharon Gannot},
  title      = {Speaker Tracking Using Recursive {EM} Algorithms},
  journal    = {{IEEE}/{ACM} Transactions on Audio, Speech, and Language Processing},
  year       = {2014},
  volume     = {22},
  number     = {2},
  pages      = {392--402},
  month      = {feb},
  doi        = {10.1109/taslp.2013.2292361},
  file       = {:/Users/jannismainczyk/Dropbox/01. STUDIUM/10. Masterarbeit/literature/primary/2014_schwartz_gannot_speaker_tracking_using_recursive_em_algorithms.pdf:PDF},
  keywords   = {read},
  publisher  = {Institute of Electrical and Electronics Engineers ({IEEE})},
}

@Article{Gannot2012,
  author    = {Sharon Gannot},
  title     = {Speech Processing Utilizing the Kalman Filter},
  journal   = {IEEE Instrumentation \& Measurement Magazine},
  year      = {2012},
  volume    = {15},
  pages     = {10-14},
  month     = jun,
  issn      = {1094-6969},
  doi       = {10.1109/mim.2012.6204866},
  file      = {:/Users/jannismainczyk/Dropbox/01. STUDIUM/10. Masterarbeit/literature/primary/06204866.pdf:PDF},
  publisher = {IEEE},
}

@Article{Araki2009,
  author    = {Shoko Araki and Hiroshi Sawada and Ryo Mukai and Shoji Makino},
  title     = {{DOA} Estimation for Multiple Sparse Sources with Arbitrarily Arranged Multiple Sensors},
  journal   = {Journal of Signal Processing Systems},
  year      = {2009},
  volume    = {63},
  number    = {3},
  pages     = {265--275},
  month     = {oct},
  doi       = {10.1007/s11265-009-0413-9},
  file      = {:Araki2009 - DOA Estimation for Multiple Sparse Sources with Arbitrarily Arranged Multiple Sensors.pdf:PDF},
  publisher = {Springer Nature},
}

@Comment{jabref-meta: databaseType:bibtex;}
